@book { DATASTRUCTURESJAVA,
	        title  = {Data Structures and Algorithms in Java.},
	        author = {Michael T. Goodrich, Roberto Tamassia},
	        year   = {2005},
	        isbn   = {0-471-73884-0},
	}

@misc { MINIMAX,
		author = {Diversos},
		title = {{Minimax}},
		howpublished = "\url{http://en.wikipedia.org/wiki/Minimax}",
		year = {2013}, 
		note = "[acessado em 19 de Fevereiro de 2013]"
}

@misc { MANCALA,
		author = {Diversos},
		title = {{Mancala}},
		howpublished = "\url{http://pt.wikipedia.org/wiki/Mancala}",
		year = {2013}, 
		note = "[acessado em 19 de Fevereiro de 2013]"
}

@misc { KALAH,
		author = {Diversos},
		title = {{Mancala}},
		howpublished = "\url{http://en.wikipedia.org/wiki/Kalah}",
		year = {2013}, 
		note = "[acessado em 19 de Fevereiro de 2013]"
}


